% Encoding: UTF-8

%%%
%
%Beim Erstellen der Bibtex-Datei wird empfohlen darauf zu achten, dass die DOI aufgeführt wird.
%
%%%

% RL library for which we do it
@article{swarmrl,
author = {Tovey, Samuel and Lohrmann, Christoph and Merkt, Tobias and Zimmer, David and Nikolaou, Konstantin and Koppenhöfer, Simon and Bushmakina, Anna and Scheunemann, Jonas and Holm, Christian},
year = {2025},
month = {04},
pages = {16},
title = {SwarmRL: building the future of smart active systems},
volume = {48},
journal = {The European physical journal. E, Soft matter},
doi = {10.1140/epje/s10189-025-00477-4}
}

% gymnasium
@misc{gymnasium,
      title={Gymnasium: A Standard Interface for Reinforcement Learning Environments},
      author={Mark Towers and Ariel Kwiatkowski and Jordan Terry and John U. Balis and Gianluca De Cola and Tristan Deleu and Manuel Goulão and Andreas Kallinteris and Markus Krimmel and Arjun KG and Rodrigo Perez-Vicente and Andrea Pierré and Sander Schulhoff and Jun Jet Tai and Hannah Tan and Omar G. Younis},
      year={2024},
      eprint={2407.17032},
      archivePrefix={arXiv},
      primaryClass={cs.LG},
      url={https://arxiv.org/abs/2407.17032},
}

@article{ppo,
  author       = {John Schulman and
                  Filip Wolski and
                  Prafulla Dhariwal and
                  Alec Radford and
                  Oleg Klimov},
  title        = {Proximal Policy Optimization Algorithms},
  journal      = {CoRR},
  volume       = {abs/1707.06347},
  year         = {2017},
  url          = {http://arxiv.org/abs/1707.06347},
  eprinttype    = {arXiv},
  eprint       = {1707.06347},
  timestamp    = {Mon, 13 Aug 2018 16:47:34 +0200},
  biburl       = {https://dblp.org/rec/journals/corr/SchulmanWDRK17.bib},
  bibsource    = {dblp computer science bibliography, https://dblp.org}
}

@misc{keras,
  title={Keras},
  author={Chollet, Fran\c{c}ois and others},
  year={2015},
  howpublished={\url{https://keras.io}},
}

@article{keras-ppo,
    author = {Ilias Chrysovergis},
    title = {Proximal Policy Optimization},
    year = {2021},
    url = {https://github.com/keras-team/keras-io/blob/master/examples/rl/ppo_cartpole.py}
}

@article{game,
    author = {Nicky Reinert},
    title = {Maze Game},
    url = {https://github.com/nickyreinert/nickyreinert.github.io/tree/master/maze},
    year = {2020}
}


@Comment{jabref-meta: databaseType:biblatex;}
